@article{fletcher1996statement,
  title={Statement on exercise: Benefits and recommendations for physical activity programs for all Americans a statement for health professionals by the committee on exercise and cardiac rehabilitation of the council on clinical cardiology, American heart association},
  author={Fletcher, Gerald F and Balady, Gary and Blair, Steven N and Blumenthal, James and Caspersen, Carl and Chaitman, Bernard and Epstein, Stephen and Froelicher, Erika S Sivarajan and Froelicher, Victor F and Pina, Ileana L and others},
  journal={Circulation},
  volume={94},
  number={4},
  pages={857--862},
  year={1996},
  publisher={Am Heart Assoc}
}

@article{stroth2009aerobic,
  title={Aerobic endurance exercise benefits memory and affect in young adults},
  author={Stroth, Sanna and Hille, Katrin and Spitzer, Manfred and Reinhardt, Ralf},
  journal={Neuropsychological Rehabilitation},
  volume={19},
  number={2},
  pages={223--243},
  year={2009},
  publisher={Taylor \& Francis}
}

@inproceedings{park2014human,
  title={Human factors of speed-based exergame controllers},
  author={Park, Taiwoo and Lee, Uichin and MacKenzie, Scott and Moon, Miri and Hwang, Inseok and Song, Junehwa},
  booktitle={Proceedings of the 32nd annual ACM conference on Human factors in computing systems},
  pages={1865--1874},
  year={2014},
  organization={ACM}
}

@inproceedings{kiili2010developing,
  title={Developing engaging exergames with simple motion detection},
  author={Kiili, Kristian and Merilampi, Sari},
  booktitle={Proceedings of the 14th International Academic MindTrek Conference: Envisioning Future Media Environments},
  pages={103--110},
  year={2010},
  organization={ACM}
}

@inproceedings{mokka2003fitness,
  title={Fitness computer game with a bodily user interface},
  author={Mokka, Sari and V{\"a}{\"a}t{\"a}nen, Antti and Heinil{\"a}, Juhani and V{\"a}lkkynen, Pasi},
  booktitle={Proceedings of the second international conference on Entertainment computing},
  pages={1--3},
  year={2003},
  organization={Carnegie Mellon University}
}

@inproceedings{song2010effects,
  title={The effects of competition on intrinsic motivation in exergames and the conditional indirect effects of presence},
  author={Song, Hayeon and Kim, Jihyun and Tenzek, Kelly Elizabeth and Lee, Kwan Min},
  booktitle={annual conference of the International Communication Association, Singapore},
  year={2010}
}

@inproceedings{caldwell2013intersection,
  title={The intersection of video games and patient empowerment: case study of a real world application},
  author={Caldwell, Craig and Bruggers, Carol and Altizer, Roger and Bulaj, Grzegorz and D'Ambrosio, Troy and Kessler, Robert and Christiansen, Brianne},
  booktitle={Proceedings of The 9th Australasian Conference on Interactive Entertainment: Matters of Life and Death},
  pages={12},
  year={2013},
  organization={ACM}
}

@inproceedings{chen2014healthifying,
  title={healthifying exergames: improving health outcomes through intentional priming},
  author={Chen, Frank X and King, Abby C and Hekler, Eric B},
  booktitle={Proceedings of the 32nd annual ACM conference on Human factors in computing systems},
  pages={1855--1864},
  year={2014},
  organization={ACM}
}

@article{miyachi2010mets,
  title={METs in adults while playing active video games: a metabolic chamber study},
  author={Miyachi, Motohiko and Yamamoto, Kenta and Ohkawara, Kazunori and Tanaka, Shigeho and others},
  journal={Med Sci Sports Exerc},
  volume={42},
  number={6},
  pages={1149--1153},
  year={2010}
}

@article{physical2008physical,
  title={Physical activity guidelines advisory committee report, 2008},
  author={Physical Activity Guidelines Advisory Committee and others},
  journal={Washington, DC: US Department of Health and Human Services},
  volume={2008},
  pages={A1--H14},
  year={2008}
}

@article{sell2008energy,
  title={Energy expenditure during physically interactive video game playing in male college students with different playing experience},
  author={Sell, Katie and Lillie, Tia and Taylor, Julie},
  journal={Journal of American College Health},
  volume={56},
  number={5},
  pages={505--512},
  year={2008},
  publisher={Taylor \& Francis}
}
