@article{reeve1996elements,
  title={Elements of the competitive situation that affect intrinsic motivation},
  author={Reeve, Johnmarshall and Deci, Edward L},
  journal={Personality and Social Psychology Bulletin},
  volume={22},
  pages={24--33},
  year={1996},
  publisher={SAGE PERIODICALS PRESS}
}

@article{peng2011playing,
  title={Is playing exergames really exercising? A meta-analysis of energy expenditure in active video games},
  author={Peng, Wei and Lin, Jih-Hsuan and Crouse, Julia},
  journal={Cyberpsychology, Behavior, and Social Networking},
  volume={14},
  number={11},
  pages={681--688},
  year={2011},
  publisher={Mary Ann Liebert, Inc. 140 Huguenot Street, 3rd Floor New Rochelle, NY 10801 USA}
}

@article{fitzgerald2010effects,
  title={Effects of a wobble board-based therapeutic exergaming system for balance training on dynamic postural stability and intrinsic motivation levels},
  author={Fitzgerald, Diarmaid and Trakarnratanakul, Nanthana and Smyth, Barry and Caulfield, Brian},
  journal={journal of orthopaedic \& sports physical therapy},
  volume={40},
  number={1},
  pages={11--19},
  year={2010},
  publisher={JOSPT, Inc. JOSPT, 1033 North Fairfax Street, Suite 304, Alexandria, VA 22134-1540}
}

@inproceedings{gobel2010serious,
  title={Serious games for health: personalized exergames},
  author={G{\"o}bel, Stefan and Hardy, Sandro and Wendel, Viktor and Mehm, Florian and Steinmetz, Ralf},
  booktitle={Proceedings of the international conference on Multimedia},
  pages={1663--1666},
  year={2010},
  organization={ACM}
}

@article{peng2013playing,
  title={Playing in parallel: The effects of multiplayer modes in active video game on motivation and physical exertion},
  author={Peng, Wei and Crouse, Julia},
  journal={Cyberpsychology, Behavior, and Social Networking},
  volume={16},
  number={6},
  pages={423--427},
  year={2013},
  publisher={Mary Ann Liebert, Inc. 140 Huguenot Street, 3rd Floor New Rochelle, NY 10801 USA}
}