@article{reeve1996elements,
  title={Elements of the competitive situation that affect intrinsic motivation},
  author={Reeve, Johnmarshall and Deci, Edward L},
  journal={Personality and Social Psychology Bulletin},
  volume={22},
  pages={24--33},
  year={1996},
  publisher={SAGE PERIODICALS PRESS}
}

@inproceedings{song2010effects,
  title={The effects of competition on intrinsic motivation in exergames and the conditional indirect effects of presence},
  author={Song, Hayeon and Kim, Jihyun and Tenzek, Kelly Elizabeth and Lee, Kwan Min},
  booktitle={annual conference of the International Communication Association, Singapore},
  year={2010}
}

@inproceedings{caldwell2013intersection,
  title={The intersection of video games and patient empowerment: case study of a real world application},
  author={Caldwell, Craig and Bruggers, Carol and Altizer, Roger and Bulaj, Grzegorz and D'Ambrosio, Troy and Kessler, Robert and Christiansen, Brianne},
  booktitle={Proceedings of The 9th Australasian Conference on Interactive Entertainment: Matters of Life and Death},
  pages={12},
  year={2013},
  organization={ACM}
}

@inproceedings{mokka2003fitness,
  title={Fitness computer game with a bodily user interface},
  author={Mokka, Sari and V{\"a}{\"a}t{\"a}nen, Antti and Heinil{\"a}, Juhani and V{\"a}lkkynen, Pasi},
  booktitle={Proceedings of the second international conference on Entertainment computing},
  pages={1--3},
  year={2003},
  organization={Carnegie Mellon University}
}