@electronic{ministry2013new,
	author 		= {Ministry of Health},
	publisher 	= {the Ministry of Health},
	title 		= {New Zealand Health Survey Annual update of key findings 2012/13},
	url 		= {http://www.health.govt.nz/system/files/documents/publications/new-zealand-health-survey-annual-update-2012-13-dec13.pdf},
	year 		= {2013},
	month 		=  {December}
}

@article{jin2010does,
    author 		= {Annie Jin},
    title 		= {Does imposing a goal always improve exercise intentions in avatar-based exergames? The moderating role of interdependent self-construal on exercise intentions and self-presence},
    journal 	= {Cyberpsychology, behavior and social networking},
    volume 		= {13},
    number 		= {3},
    pages 		= {335-9},
    year 		= {2010},
    notes = {To put it roughly: Having a goal for exercise improves motivation for interdependent people but lack of a goal motivates independent people better.},
}

@article{lal2012health,
	author = {A Lal and M Moodie and T Ashton and M Siahpush and B Swinburn},
	title = {Health care and lost productivity costs of overweight and obesity in New Zealand},
	journal = {Australian and New Zealand Journal of Public Health},
	volume = {36},
	number = {6},
	pages = {550-6},
	year = {2012},
}

@article{bartholomew2005college,
	author = {Hebert Bartholomew and John Barholomew},
	title = {College students’ motivation for physical activity: differentiating men’s and women’s motives for sport participation and exercise},
	journal = {Journal of American college health},
	volume = {54},
	number = {2},
	pages = {87-94},
	year = {2005},
}

@article{maddison2009feasibility,
	author = {Ralph Maddison and Louise Foley and Cliona Ni Mhurchu and Andrew Jull and Yannan Jiang and Harry Prapavessis and Anthony Rodgers  and Stephen Vander Hoorn and Maea Hohepa and David Schaaf},
	title = {Feasibility, design and conduct of a pragmatic randomized controlled trial to reduce overweight and obesity in children: The electronic games to aid motivation to exercise (eGAME) study},
	journal = {BMC Public Health},
	volume = {9},
	pages = {146},
	year = {2009},
}

@article{kraft2011heart,
	author = {Justin A. Kraft and William D. Russell and Tracy A. Bowman and Clifford W. , Iii Selsor and Grant D. Foster},
	title = {Heart rate and perceived exertion during self-selected intensities for exergaming compared to traditional exercise in college-age participants},
	journal = {Journal of Strength and Conditioning Research},
	volume = {25},
	number = {6},
	pages = {1736-7},
	year = {2011},
}